%% This BibTeX bibliography file was created using BibDesk.
%% http://bibdesk.sourceforge.net/


%% Created for Charlie Hill at 2017-03-05 10:36:57 -0800 


%% Saved with string encoding Unicode (UTF-8) 



@article{PB1_WHWP,
	Author = {Satoru Takakura and Mario Aguilar and Yoshiki Akiba and Kam Arnold and Carlo Baccigalupi and Darcy Barron and Shawn Beckman and David Boettger and Julian Borrill and Scott Chapman and Yuji Chinone and Ari Cukierman and Anne Ducout and Tucker Elleflot and Josquin Errard and Giulio Fabbian and Takuro Fujino and Nicholas Galitzki and Neil Goeckner-Wald and Nils W. Halverson and Masaya Hasegawa and Kaori Hattori and Masashi Hazumi and Charles Hill and Logan Howe and Yuki Inoue and Andrew H. Jaffe and Oliver Jeong and Daisuke Kaneko and Nobuhiko Katayama and Brian Keating and Reijo Keskitalo and Theodore Kisner and Nicoletta Krachmalnicoff and Akito Kusaka and Adrian T. Lee and David Leon and Lindsay Lowry and Frederick Matsuda and Tomotake Matsumura and Martin Navaroli and Haruki Nishino and Hans Paar and Julien Peloton and Davide Poletti and Giuseppe Puglisi and Christian L. Reichardt and Colin Ross and Praween Siritanasak and Aritoki Suzuki},
	Date-Added = {2017-03-05 18:35:39 +0000},
	Date-Modified = {2017-03-05 18:36:56 +0000},
	Eprint = {1702.07111},
	Journal = {To be submitted to JCAP},
	Month = {02},
	Pages = {27},
	Title = {Performance of a continuously rotating half-wave plate on the POLARBEAR telescope},
	Url = {https://arxiv.org/abs/1702.07111},
	Year = {2017},
	Bdsk-Url-1 = {https://arxiv.org/abs/1702.07111}}

@article{PB2a_WHWP,
	Author = {Charles A. Hill and Shawn Beckman and Yuji Chinone and Neil Goeckner-Wald and Masashi Hazumi and Brian Keating and Akito Kusaka and Adrian T. Lee and Frederick Matsuda and Richard Plambeck and Aritoki Suzuki and Satoru Takakura},
	Date-Added = {2017-03-05 18:29:32 +0000},
	Date-Modified = {2017-03-05 18:32:24 +0000},
	Eprint = {1607.07399},
	Journal = {Proc. of SPIE},
	Month = {07},
	Number = {99142U-1},
	Pages = {18},
	Title = {Design and development of an ambient-temperature continuously-rotating half-wave plate for CMB polarization modulation on the POLARBEAR-2 experiment},
	Url = {https://arxiv.org/abs/1607.07399},
	Volume = {9914},
	Year = {2016},
	Bdsk-Url-1 = {https://arxiv.org/abs/1607.07399}}

@article{Takahashi2010,
	Adsnote = {Provided by the SAO/NASA Astrophysics Data System},
	Adsurl = {http://adsabs.harvard.edu/abs/2010ApJ...711.1141T},
	Archiveprefix = {arXiv},
	Author = {{Takahashi}, Y.~D. and {Ade}, P.~A.~R. and {Barkats}, D. and {Battle}, J.~O. and {Bierman}, E.~M. and {Bock}, J.~J. and {Chiang}, H.~C. and {Dowell}, C.~D. and {Duband}, L. and {Hivon}, E.~F. and {Holzapfel}, W.~L. and {Hristov}, V.~V. and {Jones}, W.~C. and {Keating}, B.~G. and {Kovac}, J.~M. and {Kuo}, C.~L. and {Lange}, A.~E. and {Leitch}, E.~M. and {Mason}, P.~V. and {Matsumura}, T. and {Nguyen}, H.~T. and {Ponthieu}, N. and {Pryke}, C. and {Richter}, S. and {Rocha}, G. and {Yoon}, K.~W.},
	Doi = {10.1088/0004-637X/711/2/1141},
	Eprint = {0906.4069},
	Journal = {\apj},
	Keywords = {cosmic background radiation, cosmology: observations, gravitational waves, inflation, instrumentation: polarimeters, telescopes},
	Month = mar,
	Pages = {1141-1156},
	Primaryclass = {astro-ph.CO},
	Title = {{Characterization of the BICEP Telescope for High-precision Cosmic Microwave Background Polarimetry}},
	Volume = 711,
	Year = 2010,
	Bdsk-Url-1 = {http://dx.doi.org/10.1088/0004-637X/711/2/1141}}

@article{Souradeep2001,
	Adsnote = {Provided by the SAO/NASA Astrophysics Data System},
	Adsurl = {http://adsabs.harvard.edu/abs/2001ApJ...560...28S},
	Author = {{Souradeep}, T. and {Ratra}, B.},
	Doi = {10.1086/322425},
	Eprint = {arXiv:astro-ph/0105270},
	Journal = {\apj},
	Keywords = {Cosmology: Cosmic Microwave Background, Cosmology: Theory, Methods: Analytical, Methods: Data Analysis},
	Month = oct,
	Pages = {28-40},
	Title = {{Window Function for Noncircular Beam Cosmic Microwave Background Anisotropy Experiment}},
	Volume = 560,
	Year = 2001,
	Bdsk-Url-1 = {http://dx.doi.org/10.1086/322425}}

@article{2013ApJ...762L..23K,
	Adsnote = {Provided by the SAO/NASA Astrophysics Data System},
	Adsurl = {http://adsabs.harvard.edu/abs/2013ApJ...762L..23K},
	Archiveprefix = {arXiv},
	Author = {{Keating}, B.~G. and {Shimon}, M. and {Yadav}, A.~P.~S.},
	Doi = {10.1088/2041-8205/762/2/L23},
	Eid = {L23},
	Eprint = {1211.5734},
	Journal = {\apjl},
	Keywords = {cosmic background radiation, instrumentation: polarimeters},
	Month = jan,
	Pages = {L23},
	Primaryclass = {astro-ph.CO},
	Title = {{Self-calibration of Cosmic Microwave Background Polarization Experiments}},
	Volume = 762,
	Year = 2013,
	Bdsk-Url-1 = {http://dx.doi.org/10.1088/2041-8205/762/2/L23}}

@article{2016arXiv160701825K,
	Adsnote = {Provided by the SAO/NASA Astrophysics Data System},
	Adsurl = {http://adsabs.harvard.edu/abs/2016arXiv160701825K},
	Archiveprefix = {arXiv},
	Author = {{Koopman}, B. and {Austermann}, J. and {Cho}, H.-M. and {Coughlin}, K.~P. and {Duff}, S.~M. and {Gallardo}, P.~A. and {Hasselfield}, M. and {Henderson}, S.~W. and {Ho}, S.-P.~P. and {Hubmayr}, J. and {Irwin}, K.~D. and {Li}, D. and {McMahon}, J. and {Nati}, F. and {Niemack}, M.~D. and {Newburgh}, L. and {Page}, L.~A. and {Salatino}, M. and {Schillaci}, A. and {Schmitt}, B.~L. and {Simon}, S.~M. and {Vavagiakis}, E.~M. and {Ward}, J.~T. and {Wollack}, E.~J.},
	Eprint = {1607.01825},
	Journal = {ArXiv e-prints},
	Keywords = {Astrophysics - Instrumentation and Methods for Astrophysics, Astrophysics - Cosmology and Nongalactic Astrophysics},
	Month = jul,
	Primaryclass = {astro-ph.IM},
	Title = {{Optical modeling and polarization calibration for CMB measurements with ACTPol and Advanced ACTPol}},
	Year = 2016}

@article{doi:10.1142/S0218271816400125,
	Author = {de Bernardis, Paolo and Masi, Silvia},
	Doi = {10.1142/S0218271816400125},
	Eprint = {http://www.worldscientific.com/doi/pdf/10.1142/S0218271816400125},
	Journal = {International Journal of Modern Physics D},
	Number = {11},
	Pages = {1640012},
	Title = {Cosmic microwave background and cosmic polarization rotation: An experimentalist view},
	Url = {http://www.worldscientific.com/doi/abs/10.1142/S0218271816400125},
	Volume = {25},
	Year = {2016},
	Bdsk-Url-1 = {http://www.worldscientific.com/doi/abs/10.1142/S0218271816400125},
	Bdsk-Url-2 = {http://dx.doi.org/10.1142/S0218271816400125}}

@article{2016MNRAS.455.1981K,
	Adsnote = {Provided by the SAO/NASA Astrophysics Data System},
	Adsurl = {http://adsabs.harvard.edu/abs/2016MNRAS.455.1981K},
	Archiveprefix = {arXiv},
	Author = {{Kaufman}, J.~P. and {Keating}, B.~G. and {Johnson}, B.~R.},
	Doi = {10.1093/mnras/stv2348},
	Eprint = {1409.8242},
	Journal = {\mnras},
	Keywords = {polarization, instrumentation: polarimeters, cosmology: observations, cosmology: theory},
	Month = jan,
	Pages = {1981-1988},
	Title = {{Precision tests of parity violation over cosmological distances}},
	Volume = 455,
	Year = 2016,
	Bdsk-Url-1 = {http://dx.doi.org/10.1093/mnras/stv2348}}

@article{rosset2010,
	Author = {{Rosset, C.} and {Tristram, M.} and {Ponthieu, N.} and {Ade, P.} and {Aumont, J.} and {Catalano, A.} and {Conversi, L.} and {Couchot, F.} and {Crill, B. P.} and {D\'esert, F.-X.} and {Ganga, K.} and {Giard, M.} and {Giraud-H\'eraud, Y.} and {Ha\"issinski, J.} and {Henrot-Versill\'e, S.} and {Holmes, W.} and {Jones, W. C.} and {Lamarre, J.-M.} and {Lange, A.} and {Leroy, C.} and {Mac\'ias-P\'erez, J.} and {Maffei, B.} and {de Marcillac, P.} and {Miville-Desch\^enes, M.-A.} and {Montier, L.} and {Noviello, F.} and {Pajot, F.} and {Perdereau, O.} and {Piacentini, F.} and {Piat, M.} and {Plaszczynski, S.} and {Pointecouteau, E.} and {Puget, J.-L.} and {Ristorcelli, I.} and {Savini, G.} and {Sudiwala, R.} and {Veneziani, M.} and {Yvon, D.}},
	Doi = {10.1051/0004-6361/200913054},
	Journal = {A\&A},
	Pages = {A13},
	Title = {Planck pre-launch status: High Frequency Instrument polarization calibration},
	Url = {http://dx.doi.org/10.1051/0004-6361/200913054},
	Volume = 520,
	Year = 2010,
	Bdsk-Url-1 = {http://dx.doi.org/10.1051/0004-6361/200913054}}

@article{ABS_HWP,
	Adsnote = {Provided by the SAO/NASA Astrophysics Data System},
	Adsurl = {http://adsabs.harvard.edu/abs/2014RScI...85b4501K},
	Author = {{Kusaka}, A. and {Essinger-Hileman}, T. and {Appel}, J.~W. and {Gallardo}, P. and {Irwin}, K.~D. and {Jarosik}, N. and {Nolta}, M.~R. and {Page}, L.~A. and {Parker}, L.~P. and {Raghunathan}, S. and {Sievers}, J.~L. and {Simon}, S.~M. and {Staggs}, S.~T. and {Visnjic}, K.},
	Doi = {10.1063/1.4862058},
	Eid = {024501},
	Journal = {Review of Scientific Instruments},
	Month = feb,
	Number = 2,
	Pages = {024501},
	Title = {{Modulation of cosmic microwave background polarization with a warm rapidly rotating half-wave plate on the Atacama B-Mode Search instrument}},
	Volume = 85,
	Year = 2014,
	Bdsk-Url-1 = {http://dx.doi.org/10.1063/1.4862058}}

@article{Simon_Thesis_2016,
	Author = {Simon, S.~M.},
	Journal = {Ph.D.~Thesis, Princeton University},
	Title = {{Cosmic Microwave Background Polarimetry with ABS and ACT: Instrumental Design, Characterization, and Analysis}},
	Url = {https://www.princeton.edu/physics/graduate-program/theses/Thesis_Simon_8_8_2016.pdf},
	Year = 2016,
	Bdsk-Url-1 = {https://www.princeton.edu/physics/graduate-program/theses/Thesis_Simon_8_8_2016.pdf}}
	
@article{Salatino10,
	Author = {Salatino M. and de Bernardis P.},
	Journal = {Proc. of 45th Rencontres de Moriond - Cosmology session},
	Title = {{On Stokes Polarimeters for high precision CMB measurements and mm Astronomy measurements}},
	Url = {http://adsabs.harvard.edu/abs/2010arXiv1006.3225S},
	Year = 2010,
	}

@article{Salatino16,
	Author = {Salatino M., de Bernardis P. and Masi S.},
	Journal = {Journal of Infrared, Millimeter, and Terahertz Waves},
	Title = {{Modeling Transmission and Reï¬‚ection Mueller Matrices of Dielectric Half-Wave Plates}},
	Url = {http://adsabs.harvard.edu/abs/2010arXiv1006.3225S}, %doi: 10.1007/s10762016-0320-7
	Year = 2016,}
	
@article{SiAR_1,
	author = {R. Datta and C. D. Munson and M. D. Niemack and J. J. McMahon and J. Britton and E. J. Wollack and J. Beall and M. J. Devlin and J. Fowler and P. Gallardo and J. Hubmayr and K. Irwin and L. Newburgh and J. P. Nibarger and L. Page and M. A. Quijada and B. L. Schmitt and S. T. Staggs and R. Thornton and L. Zhang},
	journal = {Appl. Opt.},
	keywords = {Experimental physics; Optical design and fabrication; Lenses; Antireflection coatings ; Artificially engineered materials ; Subwavelength structures, nanostructures},
	number = {36},
	pages = {8747--8758},
	publisher = {OSA},
	title = {Large-aperture wide-bandwidth antireflection-coated silicon lenses for millimeter wavelengths},
	volume = {52},
	month = {Dec},
	year = {2013},
	url = {http://ao.osa.org/abstract.cfm?URI=ao-52-36-8747},
	doi = {10.1364/AO.52.008747}}

@article{Matsumura09,
	author = {Tomotake Matsumura and Shaul Hanany and Peter Ade and Bradley R. Johnson and Terry J. Jones and Prashanth Jonnalagadda and Giorgio Savini},
	journal = {Appl. Opt.},
	keywords = {Polarimetry; Modulators},
	number = {19},
	pages = {3614--3625},
	publisher = {OSA},
	title = {Performance of three- and five-stack achromatic half-wave plates at millimeter wavelengths},
	volume = {48},
	month = {Jul},
	year = {2009},
	url = {http://ao.osa.org/abstract.cfm?URI=ao-48-19-3614},
	doi = {10.1364/AO.48.003614}}

@article{Matsumura14,
      author         = {Matsumura, Tomotake},
      title          = {Mitigation of the spectral dependent polarization angle response for achromatic half-wave plate},
      year           = {2014},
      eprint         = {1404.5795},
      archivePrefix  = {arXiv},
      primaryClass   = {astro-ph.IM},
      url={https://arxiv.org/abs/1404.5795}}
      
